@article{harris2020array,
    title         = {Array programming with {NumPy}},
    author        = {Charles R. Harris and K. Jarrod Millman and St{\'{e}}fan J.
                  van der Walt and Ralf Gommers and Pauli Virtanen and David
                  Cournapeau and Eric Wieser and Julian Taylor and Sebastian
                  Berg and Nathaniel J. Smith and Robert Kern and Matti Picus
                  and Stephan Hoyer and Marten H. van Kerkwijk and Matthew
                  Brett and Allan Haldane and Jaime Fern{\'{a}}ndez del
                  R{\'{i}}o and Mark Wiebe and Pearu Peterson and Pierre
                  G{\'{e}}rard-Marchant and Kevin Sheppard and Tyler Reddy and
                  Warren Weckesser and Hameer Abbasi and Christoph Gohlke and
                  Travis E. Oliphant},
    year          = {2020},
    month         = sep,
    journal       = {Nature},
    volume        = {585},
    number        = {7825},
    pages         = {357--362},
    doi           = {10.1038/s41586-020-2649-2},
    publisher     = {Springer Science and Business Media {LLC}},
    url           = {https://doi.org/10.1038/s41586-020-2649-2}
}

@software{jax2018github,
    author        = {James Bradbury and Roy Frostig and Peter Hawkins and Matthew James Johnson
                  and Chris Leary and Dougal Maclaurin and George Necula and Adam Paszke
                  and Jake Vander{P}las and Skye Wanderman-{M}ilne and Qiao Zhang},
    title         = {{JAX}: composable transformations of {P}ython+{N}um{P}y programs},
    url           = {https://github.com/jax-ml/jax},
    version       = {0.5.1},
    year          = {2018},
}

@software{pint,
    author       = {Hernan E. Grecco and Jules Ch{\'{e}}ron},
    title        = {Pint: makes units easy},
    year         = {2025},
    publisher    = {GitHub},
    journal      = {GitHub repository},
    url          = {https://github.com/hgrecco/pint},
}

@software{lebigot2024,
    author       = {Eric O. Lebigot and
                  Matt Newville and
                  Christoph Deil and
                  Gabi Davar and
                  Will Shanks and
                  Aditya Savara and
                  Roman Yurchak and
                  andrewgsavage and
                  ep12 and
                  Justin Gerber and
                  Martijn Pieters and
                  Paul Romano and
                  Will Riley and
                  Austin Baldwin and
                  Benjamin Abel and
                  Chris Burr and
                  op3 and
                  Pieter Eendebak and
                  Pierre Clad√©},
    title        = {lmfit/uncertainties: 3.2.2},
    month        = jul,
    year         = 2024,
    publisher    = {Zenodo},
    version      = {3.2.2},
    doi          = {10.5281/zenodo.12682754},
    url          = {https://doi.org/10.5281/zenodo.12682754},
}


