@article{Zapun2008,
    title = {The different shapes of cocci},
    volume = {32},
    ISSN = {1574-6976},
    url = {http://dx.doi.org/10.1111/j.1574-6976.2007.00098.x},
    DOI = {10.1111/j.1574-6976.2007.00098.x},
    number = {2},
    journal = {FEMS Microbiology Reviews},
    publisher = {Oxford University Press (OUP)},
    author = {Zapun, André and Vernet, Thierry and Pinho, Mariana G.},
    year = {2008},
    month = mar,
    pages = {345–360},
}

@article{Young2006,
    title = {The Selective Value of Bacterial Shape},
    volume = {70},
    ISSN = {1098-5557},
    url = {http://dx.doi.org/10.1128/mmbr.00001-06},
    DOI = {10.1128/mmbr.00001-06},
    number = {3},
    journal = {Microbiology and Molecular Biology Reviews},
    publisher = {American Society for Microbiology},
    author = {Young, Kevin D.},
    year = {2006},
    month = sep,
    pages = {660–703},
}

@article{Billaudeau2017,
    title = {Contrasting mechanisms of growth in two model rod-shaped bacteria},
    volume = {8},
    ISSN = {2041-1723},
    url = {http://dx.doi.org/10.1038/ncomms15370},
    DOI = {10.1038/ncomms15370},
    number = {1},
    journal = {Nature Communications},
    publisher = {Springer Science and Business Media LLC},
    author = {Billaudeau, Cyrille and Chastanet, Arnaud and Yao, Zhizhong and
              Cornilleau, Charlène and Mirouze, Nicolas and Fromion, Vincent and
              Carballido-López, Rut},
    year = {2017},
    month = jun,
}

@misc{https://doi.org/10.48550/arxiv.1506.01497,
    doi = {10.48550/ARXIV.1506.01497},
    url = {https://arxiv.org/abs/1506.01497},
    author = {Ren, Shaoqing and He, Kaiming and Girshick, Ross and Sun, Jian},
    keywords = {Computer Vision and Pattern Recognition (cs.CV), FOS: Computer
                and information sciences, FOS: Computer and information sciences},
    title = {Faster R-CNN: Towards Real-Time Object Detection with Region
             Proposal Networks},
    publisher = {arXiv},
    year = {2015},
    copyright = {arXiv.org perpetual, non-exclusive license},
}

@article{Sullivan2019,
    title = {PyVista: 3D plotting and mesh analysis through a streamlined
             interface for the Visualization Toolkit (VTK)},
    volume = {4},
    ISSN = {2475-9066},
    url = {http://dx.doi.org/10.21105/joss.01450},
    DOI = {10.21105/joss.01450},
    number = {37},
    journal = {Journal of Open Source Software},
    publisher = {The Open Journal},
    author = {Sullivan, C. and Kaszynski, Alexander},
    year = {2019},
    month = may,
    pages = {1450},
}

@misc{Pleyer_cellular_raza_2023,
    author = {Pleyer, Jonas},
    license = {GPL-2.0},
    month = dec,
    title = {{cellular\_raza}},
    url = {https://github.com/jonaspleyer/cellular_raza},
    version = {0.1.0},
    year = {2023},
}

@article{Cutler2022,
    title = {Omnipose: a high-precision morphology-independent solution for
             bacterial cell segmentation},
    volume = {19},
    ISSN = {1548-7105},
    url = {http://dx.doi.org/10.1038/s41592-022-01639-4},
    DOI = {10.1038/s41592-022-01639-4},
    number = {11},
    journal = {Nature Methods},
    publisher = {Springer Science and Business Media LLC},
    author = {Cutler, Kevin J. and Stringer, Carsen and Lo, Teresa W. and Rappez
              , Luca and Stroustrup, Nicholas and Brook Peterson, S. and Wiggins,
              Paul A. and Mougous, Joseph D.},
    year = {2022},
    month = oct,
    pages = {1438–1448},
}

@article{Stringer2020,
    title = {Cellpose: a generalist algorithm for cellular segmentation},
    volume = {18},
    ISSN = {1548-7105},
    url = {http://dx.doi.org/10.1038/s41592-020-01018-x},
    DOI = {10.1038/s41592-020-01018-x},
    number = {1},
    journal = {Nature Methods},
    publisher = {Springer Science and Business Media LLC},
    author = {Stringer, Carsen and Wang, Tim and Michaelos, Michalis and
              Pachitariu, Marius},
    year = {2020},
    month = dec,
    pages = {100–106},
}

@article{Hardo2022,
    title = {Synthetic Micrographs of Bacteria (SyMBac) allows accurate
             segmentation of bacterial cells using deep neural networks},
    volume = {20},
    ISSN = {1741-7007},
    url = {http://dx.doi.org/10.1186/s12915-022-01453-6},
    DOI = {10.1186/s12915-022-01453-6},
    number = {1},
    journal = {BMC Biology},
    publisher = {Springer Science and Business Media LLC},
    author = {Hardo, Georgeos and Noka, Maximilian and Bakshi, Somenath},
    year = {2022},
    month = nov,
}

@online{WikimediaPicturesEColi,
    author = "Wikimedia Commons",
    title = "Category:Microscopic images of Escherichia coli",
    year = "2023",
    urlseen = "27-10-2024",
    url = "
           https://commons.wikimedia.org/wiki/Category:Microscopic_images_of_Escherichia_coli
           ",
}

@article{Lee1994,
    title = {Building Skeleton Models via 3-D Medial Surface Axis Thinning
             Algorithms},
    volume = {56},
    ISSN = {1049-9652},
    url = {http://dx.doi.org/10.1006/cgip.1994.1042},
    DOI = {10.1006/cgip.1994.1042},
    number = {6},
    journal = {CVGIP: Graphical Models and Image Processing},
    publisher = {Elsevier BV},
    author = {Lee, T.C. and Kashyap, R.L. and Chu, C.N.},
    year = {1994},
    month = nov,
    pages = {462–478},
}

@misc{wiki:Ramer–Douglas–Peucker_algorithm,
    author = "Wikipedia",
    title = "{Ramer–Douglas–Peucker algorithm} --- {W}ikipedia{,} The Free
             Encyclopedia",
    year = "2024",
    howpublished = {\url{http://en.wikipedia.org/w/index.php?title=Ramer\%E2\%80
                    \%93Douglas\%E2\%80\%93Peucker\%20algorithm&oldid=1240652384}
                    },
    note = "[Online; accessed 27-October-2024]",
}

@article{Knoll1932,
    title = {Beitrag zur geometrischen Elektronenoptik. I},
    volume = {404},
    ISSN = {1521-3889},
    url = {http://dx.doi.org/10.1002/andp.19324040506},
    DOI = {10.1002/andp.19324040506},
    number = {5},
    journal = {Annalen der Physik},
    publisher = {Wiley},
    author = {Knoll, M. and Ruska, E.},
    year = {1932},
    month = jan,
    pages = {607–640},
}

@article{vanderWalt2014,
    title = {scikit-image: image processing in Python},
    volume = {2},
    ISSN = {2167-8359},
    url = {http://dx.doi.org/10.7717/peerj.453},
    DOI = {10.7717/peerj.453},
    journal = {PeerJ},
    publisher = {PeerJ},
    author = {van der Walt, Stéfan and Sch\"{o}nberger, Johannes L. and
              Nunez-Iglesias, Juan and Boulogne, Fran\c{c}ois and Warner, Joshua
              D. and Yager, Neil and Gouillart, Emmanuelle and Yu, Tony},
    year = {2014},
    month = jun,
    pages = {e453},
}

@article{opencv_library,
    author = {Bradski, G.},
    citeulike-article-id = {2236121},
    journal = {Dr. Dobb's Journal of Software Tools},
    keywords = {bibtex-import},
    posted-at = {2008-01-15 19:21:54},
    priority = {4},
    title = {{The OpenCV Library}},
    year = {2000},
}

@article{Chatterjee1988,
    title = {Spatial dependence of stress distribution for rod-shaped bacteria},
    volume = {135},
    ISSN = {0022-5193},
    url = {http://dx.doi.org/10.1016/S0022-5193(88)80247-9},
    DOI = {10.1016/s0022-5193(88)80247-9},
    number = {3},
    journal = {Journal of Theoretical Biology},
    publisher = {Elsevier BV},
    author = {Chatterjee, Avik P. and Dasgupta, Anjan and Chatterjee, Anadi N.},
    year = {1988},
    month = dec,
    pages = {309–321},
}

@article{Ursell2014,
    title = {Rod-like bacterial shape is maintained by feedback between cell
             curvature and cytoskeletal localization},
    volume = {111},
    ISSN = {1091-6490},
    url = {http://dx.doi.org/10.1073/pnas.1317174111},
    DOI = {10.1073/pnas.1317174111},
    number = {11},
    journal = {Proceedings of the National Academy of Sciences},
    publisher = {Proceedings of the National Academy of Sciences},
    author = {Ursell, Tristan S. and Nguyen, Jeffrey and Monds, Russell D. and
              Colavin, Alexandre and Billings, Gabriel and Ouzounov, Nikolay and
              Gitai, Zemer and Shaevitz, Joshua W. and Huang, Kerwyn Casey},
    year = {2014},
    month = feb,
}


@article{Takeuchi2005,
    title = {Controlling the Shape of Filamentous Cells ofEscherichia coli},
    volume = {5},
    ISSN = {1530-6992},
    url = {http://dx.doi.org/10.1021/nl0507360},
    DOI = {10.1021/nl0507360},
    number = {9},
    journal = {Nano Letters},
    publisher = {American Chemical Society (ACS)},
    author = {Takeuchi, Shoji and DiLuzio, Willow R. and Weibel, Douglas B. and
              Whitesides, George M.},
    year = {2005},
    month = aug,
    pages = {1819–1823},
}


@article{Amir2014_2,
    title = {Bending forces plastically deform growing bacterial cell walls},
    volume = {111},
    ISSN = {1091-6490},
    url = {http://dx.doi.org/10.1073/pnas.1317497111},
    DOI = {10.1073/pnas.1317497111},
    number = {16},
    journal = {Proceedings of the National Academy of Sciences},
    publisher = {Proceedings of the National Academy of Sciences},
    author = {Amir, Ariel and Babaeipour, Farinaz and McIntosh, Dustin B. and
              Nelson, David R. and Jun, Suckjoon},
    year = {2014},
    month = apr,
    pages = {5778–5783},
}


@article{Robert2014,
    title = {Division in Escherichia coliis triggered by a size-sensing rather
             than a timing mechanism},
    volume = {12},
    ISSN = {1741-7007},
    url = {http://dx.doi.org/10.1186/1741-7007-12-17},
    DOI = {10.1186/1741-7007-12-17},
    number = {1},
    journal = {BMC Biology},
    publisher = {Springer Science and Business Media LLC},
    author = {Robert, Lydia and Hoffmann, Marc and Krell, Nathalie and Aymerich,
              Stéphane and Robert, Jér\^ome and Doumic, Marie},
    year = {2014},
    month = feb,
}


@article{vanGestel2015,
    title = {From Cell Differentiation to Cell Collectives: Bacillus subtilis
             Uses Division of Labor to Migrate},
    volume = {13},
    ISSN = {1545-7885},
    url = {http://dx.doi.org/10.1371/journal.pbio.1002141},
    DOI = {10.1371/journal.pbio.1002141},
    number = {4},
    journal = {PLOS Biology},
    publisher = {Public Library of Science (PLoS)},
    author = {van Gestel, Jordi and Vlamakis, Hera and Kolter, Roberto},
    editor = {Laub, Michael T.},
    year = {2015},
    month = apr,
    pages = {e1002141},
}


@article{Lpez2010,
    title = {Extracellular signals that define distinct and coexisting cell
             fates inBacillus subtilis},
    volume = {34},
    ISSN = {1574-6976},
    url = {http://dx.doi.org/10.1111/j.1574-6976.2009.00199.x},
    DOI = {10.1111/j.1574-6976.2009.00199.x},
    number = {2},
    journal = {FEMS Microbiology Reviews},
    publisher = {Oxford University Press (OUP)},
    author = {López, Daniel and Kolter, Roberto},
    year = {2010},
    month = mar,
    pages = {134–149},
}


@article{Duvernoy2018,
    title = {Asymmetric adhesion of rod-shaped bacteria controls microcolony
             morphogenesis},
    volume = {9},
    ISSN = {2041-1723},
    url = {http://dx.doi.org/10.1038/s41467-018-03446-y},
    DOI = {10.1038/s41467-018-03446-y},
    number = {1},
    journal = {Nature Communications},
    publisher = {Springer Science and Business Media LLC},
    author = {Duvernoy, Marie-Cécilia and Mora, Thierry and Ardré, Maxime and
              Croquette, Vincent and Bensimon, David and Quilliet, Catherine and
              Ghigo, Jean-Marc and Balland, Martial and Beloin, Christophe and
              Lecuyer, Sigolène and Desprat, Nicolas},
    year = {2018},
    month = mar,
}


@article{Grant2014,
    title = {The role of mechanical forces in the planar-to-bulk transition in
             growing Escherichia coli microcolonies},
    volume = {11},
    ISSN = {1742-5662},
    url = {http://dx.doi.org/10.1098/rsif.2014.0400},
    DOI = {10.1098/rsif.2014.0400},
    number = {97},
    journal = {Journal of The Royal Society Interface},
    publisher = {The Royal Society},
    author = {Grant, Matthew A. A. and Wacław, Bartłomiej and Allen, Rosalind J.
              and Cicuta, Pietro},
    year = {2014},
    month = aug,
    pages = {20140400},
}


@article{Doumic2020,
    title = {A purely mechanical model with asymmetric features for early
             morphogenesis of rod-shaped bacteria micro-colony},
    volume = {17},
    ISSN = {1551-0018},
    url = {http://dx.doi.org/10.3934/mbe.2020356},
    DOI = {10.3934/mbe.2020356},
    number = {6},
    journal = {Mathematical Biosciences and Engineering},
    publisher = {American Institute of Mathematical Sciences (AIMS)},
    author = {Doumic, Marie and Hecht, Sophie and Peurichard, Diane},
    year = {2020},
    pages = {6873–6908},
}


@article{Verwey1947,
    title = {Theory of the Stability of Lyophobic Colloids.},
    volume = {51},
    ISSN = {1541-5740},
    url = {http://dx.doi.org/10.1021/j150453a001},
    DOI = {10.1021/j150453a001},
    number = {3},
    journal = {The Journal of Physical and Colloid Chemistry},
    publisher = {American Chemical Society (ACS)},
    author = {Verwey, E. J. W.},
    year = {1947},
    month = mar,
    pages = {631–636},
}


@article{Trejo2013,
    title = {Elasticity and wrinkled morphology of Bacillus subtilis pellicles},
    volume = {110},
    ISSN = {1091-6490},
    url = {http://dx.doi.org/10.1073/pnas.1217178110},
    DOI = {10.1073/pnas.1217178110},
    number = {6},
    journal = {Proceedings of the National Academy of Sciences},
    publisher = {Proceedings of the National Academy of Sciences},
    author = {Trejo, Miguel and Douarche, Carine and Bailleux, Virginie and
              Poulard, Christophe and Mariot, Sandrine and Regeard, Christophe
              and Raspaud, Eric},
    year = {2013},
    month = jan,
    pages = {2011–2016},
}


@article{Li2025,
    title = {biofilm expansion mediated by the interaction between
             matrix-producing cells formed “Van Gogh bundles” and other
             phenotypic cells},
    volume = {251},
    ISSN = {0927-7765},
    url = {http://dx.doi.org/10.1016/j.colsurfb.2025.114611},
    DOI = {10.1016/j.colsurfb.2025.114611},
    journal = {Colloids and Surfaces B: Biointerfaces},
    publisher = {Elsevier BV},
    author = {Li, Jin and Wang, Jiankun and Wu, Jin and Wang, Xiaoling},
    year = {2025},
    month = jul,
    pages = {114611},
}


@article{vanLoosdrecht1989,
    title = {Bacterial adhesion: A physicochemical approach},
    volume = {17},
    ISSN = {1432-184X},
    url = {http://dx.doi.org/10.1007/BF02025589},
    DOI = {10.1007/bf02025589},
    number = {1},
    journal = {Microbial Ecology},
    publisher = {Springer Science and Business Media LLC},
    author = {van Loosdrecht, Mark C. M. and Lyklema, Johannes and Norde, Willem
              and Zehnder, Alexander J. B.},
    year = {1989},
    month = jan,
    pages = {1–15},
}


@article{Koutsoumanis2013,
    title = {Stochasticity in Colonial Growth Dynamics of Individual Bacterial
             Cells},
    volume = {79},
    ISSN = {1098-5336},
    url = {http://dx.doi.org/10.1128/AEM.03629-12},
    DOI = {10.1128/aem.03629-12},
    number = {7},
    journal = {Applied and Environmental Microbiology},
    publisher = {American Society for Microbiology},
    author = {Koutsoumanis, Konstantinos P. and Lianou, Alexandra},
    year = {2013},
    month = apr,
    pages = {2294–2301},
}

@article{DePedro2003,
    title = {Patchiness of murein insertion into the sidewall of Escherichia
             coli},
    volume = {149},
    ISSN = {1465-2080},
    url = {http://dx.doi.org/10.1099/mic.0.26125-0},
    DOI = {10.1099/mic.0.26125-0},
    number = {7},
    journal = {Microbiology},
    publisher = {Microbiology Society},
    author = {De Pedro, Miguel A. and Schwarz, Heinz and Koch, Arthur L.},
    year = {2003},
    month = jul,
    pages = {1753–1761},
}


@article{Errington2020,
    title = {Microbe Profile: Bacillus subtilis: model organism for cellular
             development, and industrial workhorse: This article is part of the
             Microbe Profiles collection.},
    volume = {166},
    ISSN = {1465-2080},
    url = {http://dx.doi.org/10.1099/mic.0.000922},
    DOI = {10.1099/mic.0.000922},
    number = {5},
    journal = {Microbiology},
    publisher = {Microbiology Society},
    author = {Errington, Jeffery and Aart, Lizah T van der},
    year = {2020},
    month = may,
    pages = {425–427},
}


@article{Chang2014,
    title = {How and why cells grow as rods},
    volume = {12},
    ISSN = {1741-7007},
    url = {http://dx.doi.org/10.1186/s12915-014-0054-8},
    DOI = {10.1186/s12915-014-0054-8},
    number = {1},
    journal = {BMC Biology},
    publisher = {Springer Science and Business Media LLC},
    author = {Chang, Fred and Huang, Kerwyn Casey},
    year = {2014},
    month = aug,
}

@book{bobenko2008discrete,
    title = {Discrete Differential Geometry: Integrable Structure},
    author = {Bobenko, A.I. and Suris, Y.B.},
    isbn = {9780821847008},
    lccn = {2008029305},
    series = {Graduate studies in mathematics},
    url = {https://books.google.de/books?id=2YmaAwAAQBAJ},
    year = {2008},
    publisher = {American Mathematical Society},
}

@article{Derjaguin1993,
    title = {Theory of the stability of strongly charged lyophobic sols and of
             the adhesion of strongly charged particles in solutions of
             electrolytes},
    volume = {43},
    ISSN = {0079-6816},
    url = {http://dx.doi.org/10.1016/0079-6816(93)90013-L},
    DOI = {10.1016/0079-6816(93)90013-l},
    number = {1–4},
    journal = {Progress in Surface Science},
    publisher = {Elsevier BV},
    author = {Derjaguin, B and Landau, L},
    year = {1993},
    month = may,
    pages = {30–59},
}

@article{Hori2010,
    title = {Bacterial adhesion: From mechanism to control},
    volume = {48},
    ISSN = {1369-703X},
    url = {http://dx.doi.org/10.1016/j.bej.2009.11.014},
    DOI = {10.1016/j.bej.2009.11.014},
    number = {3},
    journal = {Biochemical Engineering Journal},
    publisher = {Elsevier BV},
    author = {Hori, Katsutoshi and Matsumoto, Shinya},
    year = {2010},
    month = feb,
    pages = {424–434},
}


@article{Ong1999,
    title = {Adhesion Forces between E. coli Bacteria and Biomaterial Surfaces},
    volume = {15},
    ISSN = {1520-5827},
    url = {http://dx.doi.org/10.1021/la981104e},
    DOI = {10.1021/la981104e},
    number = {8},
    journal = {Langmuir},
    publisher = {American Chemical Society (ACS)},
    author = {Ong, Yea-Ling and Razatos, Anneta and Georgiou, George and Sharma,
              Mukul M.},
    year = {1999},
    month = mar,
    pages = {2719–2725},
}


@article{Haiko2013,
    title = {The Role of the Bacterial Flagellum in Adhesion and Virulence},
    volume = {2},
    ISSN = {2079-7737},
    url = {http://dx.doi.org/10.3390/biology2041242},
    DOI = {10.3390/biology2041242},
    number = {4},
    journal = {Biology},
    publisher = {MDPI AG},
    author = {Haiko, Johanna and Westerlund-Wikstr\"{o}m, Benita},
    year = {2013},
    month = oct,
    pages = {1242–1267},
}


@article{Bratton2018,
    title = {MreB polymers and curvature localization are enhanced by RodZ and
             predict E. coli’s cylindrical uniformity},
    volume = {9},
    ISSN = {2041-1723},
    url = {http://dx.doi.org/10.1038/s41467-018-05186-5},
    DOI = {10.1038/s41467-018-05186-5},
    number = {1},
    journal = {Nature Communications},
    publisher = {Springer Science and Business Media LLC},
    author = {Bratton, Benjamin P. and Shaevitz, Joshua W. and Gitai, Zemer and
              Morgenstein, Randy M.},
    year = {2018},
    month = jul,
}


@article{Wang2010,
    title = {Actin-like cytoskeleton filaments contribute to cell mechanics in
             bacteria},
    volume = {107},
    ISSN = {1091-6490},
    url = {http://dx.doi.org/10.1073/pnas.0911517107},
    DOI = {10.1073/pnas.0911517107},
    number = {20},
    journal = {Proceedings of the National Academy of Sciences},
    publisher = {Proceedings of the National Academy of Sciences},
    author = {Wang, Siyuan and Arellano-Santoyo, Hugo and Combs, Peter A. and
              Shaevitz, Joshua W.},
    year = {2010},
    month = may,
    pages = {9182–9185},
}


@article{IWAI2002,
    title = {NovelS-Benzylisothiourea Compound That Induces Spherical Cells
             inEscherichia coliProbably by Acting on a Rod-shape-determining
             Protein(s) Other Than Penicillin-binding Protein 2},
    volume = {66},
    ISSN = {1347-6947},
    url = {http://dx.doi.org/10.1271/bbb.66.2658},
    DOI = {10.1271/bbb.66.2658},
    number = {12},
    journal = {Bioscience, Biotechnology, and Biochemistry},
    publisher = {Informa UK Limited},
    author = {IWAI, Noritaka and NAGAI, Kazuo and WACHI, Masaaki},
    year = {2002},
    month = jan,
    pages = {2658–2662},
}


@article{Gitai2005,
    title = {MreB Actin-Mediated Segregation of a Specific Region of a Bacterial
             Chromosome},
    volume = {120},
    ISSN = {0092-8674},
    url = {http://dx.doi.org/10.1016/j.cell.2005.01.007},
    DOI = {10.1016/j.cell.2005.01.007},
    number = {3},
    journal = {Cell},
    publisher = {Elsevier BV},
    author = {Gitai, Zemer and Dye, Natalie Anne and Reisenauer, Ann and Wachi,
              Masaaki and Shapiro, Lucy},
    year = {2005},
    month = feb,
    pages = {329–341},
}


@article{Karczmarek2007,
    title = {DNA and origin region segregation are not affected by the
             transition from rod to sphere after inhibition of Escherichia coli
             MreB by A22},
    volume = {65},
    ISSN = {1365-2958},
    url = {http://dx.doi.org/10.1111/j.1365-2958.2007.05777.x},
    DOI = {10.1111/j.1365-2958.2007.05777.x},
    number = {1},
    journal = {Molecular Microbiology},
    publisher = {Wiley},
    author = {Karczmarek, Aneta and Baselga, Rocío Martínez‐Arteaga and Alexeeva
              , Svetlana and Hansen, Flemming G. and Vicente, Miguel and Nanninga
              , Nanne and Den Blaauwen, Tanneke},
    year = {2007},
    month = jun,
    pages = {51–63},
}


@article{Bean2009,
    title = {A22 Disrupts the Bacterial Actin Cytoskeleton by Directly Binding
             and Inducing a Low-Affinity State in MreB},
    volume = {48},
    ISSN = {1520-4995},
    url = {http://dx.doi.org/10.1021/bi900014d},
    DOI = {10.1021/bi900014d},
    number = {22},
    journal = {Biochemistry},
    publisher = {American Chemical Society (ACS)},
    author = {Bean, G. J. and Flickinger, S. T. and Westler, W. M. and McCully,
              M. E. and Sept, D. and Weibel, D. B. and Amann, K. J.},
    year = {2009},
    month = may,
    pages = {4852–4857},
}


@article{Amir2014,
    title = {Getting into shape: How do rod-like bacteria control their
             geometry?},
    volume = {8},
    ISSN = {1872-5333},
    url = {http://dx.doi.org/10.1007/s11693-014-9143-9},
    DOI = {10.1007/s11693-014-9143-9},
    number = {3},
    journal = {Systems and Synthetic Biology},
    publisher = {Springer Science and Business Media LLC},
    author = {Amir, Ariel and van Teeffelen, Sven},
    year = {2014},
    month = apr,
    pages = {227–235},
}


@article{Erickson2001,
    title = {Evolution in bacteria},
    volume = {413},
    ISSN = {1476-4687},
    url = {http://dx.doi.org/10.1038/35092655},
    DOI = {10.1038/35092655},
    number = {6851},
    journal = {Nature},
    publisher = {Springer Science and Business Media LLC},
    author = {Erickson, Harold P.},
    year = {2001},
    month = sep,
    pages = {30–30},
}


@article{Dersch2020,
    title = {Polymerization of Bacillus subtilis MreB on a lipid membrane
             reveals lateral co-polymerization of MreB paralogs and strong
             effects of cations on filament formation},
    volume = {21},
    ISSN = {2661-8850},
    url = {http://dx.doi.org/10.1186/s12860-020-00319-5},
    DOI = {10.1186/s12860-020-00319-5},
    number = {1},
    journal = {BMC Molecular and Cell Biology},
    publisher = {Springer Science and Business Media LLC},
    author = {Dersch, Simon and Reimold, Christian and Stoll, Joshua and
              Breddermann, Hannes and Heimerl, Thomas and Defeu Soufo, Hervé Joel
              and Graumann, Peter L.},
    year = {2020},
    month = nov,
}

@article{Pleyer2025,
    doi = {10.21105/joss.07723},
    url = {https://doi.org/10.21105/joss.07723},
    year = {2025},
    publisher = {The Open Journal},
    volume = {10},
    number = {110},
    pages = {7723},
    author = {Jonas Pleyer and Christian Fleck},
    title = {cellular\_raza: Cellular Agent-based Modeling from a Clean Slate},
    journal = {Journal of Open Source Software},
}

@article{Breitwieser2021,
    title = {BioDynaMo: a modular platform for high-performance agent-based
             simulation},
    volume = {38},
    ISSN = {1367-4811},
    url = {http://dx.doi.org/10.1093/bioinformatics/btab649},
    DOI = {10.1093/bioinformatics/btab649},
    number = {2},
    journal = {Bioinformatics},
    publisher = {Oxford University Press (OUP)},
    author = {Breitwieser, Lukas and Hesam, Ahmad and de Montigny, Jean and
              Vavourakis, Vasileios and Iosif, Alexandros and Jennings, Jack and
              Kaiser, Marcus and Manca, Marco and Di Meglio, Alberto and Al-Ars,
              Zaid and Rademakers, Fons and Mutlu, Onur and Bauer, Roman},
    editor = {Wren, Jonathan},
    year = {2021},
    month = sep,
    pages = {453–460},
}

@article{Morse1929,
    title = {Diatomic Molecules According to the Wave Mechanics. II. Vibrational
             Levels},
    volume = {34},
    ISSN = {0031-899X},
    url = {http://dx.doi.org/10.1103/PhysRev.34.57},
    DOI = {10.1103/physrev.34.57},
    number = {1},
    journal = {Physical Review},
    publisher = {American Physical Society (APS)},
    author = {Morse, Philip M.},
    year = {1929},
    month = jul,
    pages = {57–64},
}

@article{Mie1903,
    title = {Zur kinetischen Theorie der einatomigen K\"{o}rper},
    volume = {316},
    ISSN = {1521-3889},
    url = {http://dx.doi.org/10.1002/andp.19033160802},
    DOI = {10.1002/andp.19033160802},
    number = {8},
    journal = {Annalen der Physik},
    publisher = {Wiley},
    author = {Mie, Gustav},
    year = {1903},
    month = jan,
    pages = {657–697},
}

@article{Jones1924,
    volume = {106},
    ISSN = {2053-9150},
    url = {http://dx.doi.org/10.1098/rspa.1924.0081},
    DOI = {10.1098/rspa.1924.0081},
    number = {738},
    journal = {Proceedings of the Royal Society of London. Series A, Containing
               Papers of a Mathematical and Physical Character},
    author = {Lennard-Jones, John },
    publisher = {The Royal Society},
    year = {1924},
    month = oct,
    pages = {441–462},
}

@article{Raue2009,
    title = {Structural and practical identifiability analysis of partially
             observed dynamical models by exploiting the profile likelihood},
    volume = {25},
    ISSN = {1367-4803},
    url = {http://dx.doi.org/10.1093/bioinformatics/btp358},
    DOI = {10.1093/bioinformatics/btp358},
    number = {15},
    journal = {Bioinformatics},
    publisher = {Oxford University Press (OUP)},
    author = {Raue, A. and Kreutz, C. and Maiwald, T. and Bachmann, J. and
              Schilling, M. and Klingm\"{u}ller, U. and Timmer, J.},
    year = {2009},
    month = jun,
    pages = {1923–1929},
}


