@article{Duvernoy2018,
    title = {Asymmetric adhesion of rod-shaped bacteria controls microcolony
             morphogenesis},
    volume = {9},
    ISSN = {2041-1723},
    url = {http://dx.doi.org/10.1038/s41467-018-03446-y},
    DOI = {10.1038/s41467-018-03446-y},
    number = {1},
    journal = {Nature Communications},
    publisher = {Springer Science and Business Media LLC},
    author = {Duvernoy, Marie-Cécilia and Mora, Thierry and Ardré, Maxime and
              Croquette, Vincent and Bensimon, David and Quilliet, Catherine and
              Ghigo, Jean-Marc and Balland, Martial and Beloin, Christophe and
              Lecuyer, Sigolène and Desprat, Nicolas},
    year = {2018},
    month = mar,
}
