@book{Gordon:1994,
  url = {https://ntrs.nasa.gov/api/citations/19950013764/downloads/19950013764.pdf},
  Title={Computer Program for Calculation of Complex Chemical Equilibrium Compositions and Applications. Part 1: Analysis},
  Author={{Gordon}, S. and {McBride}, B.~J.},
  Publisher = {NASA},
  Address   = {National Aeronautics and Space Administration, Washington, D.C. 20546-0001, USA},
  Year={1994}
}

@ARTICLE{Molliere:2017,
       author = {{Molli{\`e}re}, P. and {van Boekel}, R. and {Bouwman}, J. and {Henning}, Th. and {Lagage}, P. -O. and {Min}, M.},
        title = "{Observing transiting planets with JWST. Prime targets and their synthetic spectral observations}",
      journal = {Astronomy \& Astrophysics},
     keywords = {methods: numerical, planets and satellites: atmospheres, radiative transfer, Astrophysics - Earth and Planetary Astrophysics},
         year = 2017,
        month = apr,
       volume = {600},
          eid = {A10},
        pages = {A10},
          doi = {10.1051/0004-6361/201629800},
archivePrefix = {arXiv},
       eprint = {1611.08608},
 primaryClass = {astro-ph.EP},
       adsurl = {https://ui.adsabs.harvard.edu/abs/2017A&A...600A..10M},
      adsnote = {Provided by the SAO/NASA Astrophysics Data System}
}

@ARTICLE{Baudino:2017,
       author = {{Baudino}, Jean-Loup and {Molli{\`e}re}, Paul and {Venot}, Olivia and {Tremblin}, Pascal and {B{\'e}zard}, Bruno and {Lagage}, Pierre-Olivier},
        title = "{Toward the Analysis of JWST  Exoplanet Spectra: Identifying Troublesome Model Parameters}",
      journal = {Astrophysical Journal},
     keywords = {planets and satellites: atmospheres, planets and satellites: gaseous planets, radiative transfer, Astrophysics - Earth and Planetary Astrophysics},
         year = 2017,
        month = dec,
       volume = {850},
       number = {2},
          eid = {150},
        pages = {150},
          doi = {10.3847/1538-4357/aa95be},
archivePrefix = {arXiv},
       eprint = {1710.08235},
 primaryClass = {astro-ph.EP},
       adsurl = {https://ui.adsabs.harvard.edu/abs/2017ApJ...850..150B},
      adsnote = {Provided by the SAO/NASA Astrophysics Data System}
}

@ARTICLE{Nasedkin:2024,
       author = {{Nasedkin}, E. and {Molli{\`e}re}, P. and {Lacour}, S. and {Nowak}, M. and {Kreidberg}, L. and {Stolker}, T. and {Wang}, J.~J. and {Balmer}, W.~O. and {Kammerer}, J. and {Shangguan}, J. and {Abuter}, R. and {Amorim}, A. and {Asensio-Torres}, R. and {Benisty}, M. and {Berger}, J. -P. and {Beust}, H. and {Blunt}, S. and {Boccaletti}, A. and {Bonnefoy}, M. and {Bonnet}, H. and {Bordoni}, M.~S. and {Bourdarot}, G. and {Brandner}, W. and {Cantalloube}, F. and {Caselli}, P. and {Charnay}, B. and {Chauvin}, G. and {Chavez}, A. and {Choquet}, E. and {Christiaens}, V. and {Cl{\'e}net}, Y. and {Coud{\'e} Du Foresto}, V. and {Cridland}, A. and {Davies}, R. and {Dembet}, R. and {Dexter}, J. and {Drescher}, A. and {Duvert}, G. and {Eckart}, A. and {Eisenhauer}, F. and {F{\"o}rster Schreiber}, N.~M. and {Garcia}, P. and {Garcia Lopez}, R. and {Gendron}, E. and {Genzel}, R. and {Gillessen}, S. and {Girard}, J.~H. and {Grant}, S. and {Haubois}, X. and {Hei{\ss}el}, G. and {Henning}, Th. and {Hinkley}, S. and {Hippler}, S. and {Houll{\'e}}, M. and {Hubert}, Z. and {Jocou}, L. and {Keppler}, M. and {Kervella}, P. and {Kurtovic}, N.~T. and {Lagrange}, A. -M. and {Lapeyr{\`e}re}, V. and {Le Bouquin}, J. -B. and {Lutz}, D. and {Maire}, A. -L. and {Mang}, F. and {Marleau}, G. -D. and {M{\'e}rand}, A. and {Monnier}, J.~D. and {Mordasini}, C. and {Ott}, T. and {Otten}, G.~P.~P.~L. and {Paladini}, C. and {Paumard}, T. and {Perraut}, K. and {Perrin}, G. and {Pfuhl}, O. and {Pourr{\'e}}, N. and {Pueyo}, L. and {Ribeiro}, D.~C. and {Rickman}, E. and {Ruffio}, J.~B. and {Rustamkulov}, Z. and {Shimizu}, T. and {Sing}, D. and {Stadler}, J. and {Straub}, O. and {Straubmeier}, C. and {Sturm}, E. and {Tacconi}, L.~J. and {van Dishoeck}, E.~F. and {Vigan}, A. and {Vincent}, F. and {von Fellenberg}, S.~D. and {Widmann}, F. and {Winterhalder}, T.~O. and {Woillez}, J. and {Yazici}, {\c{S}}. and {Gravity Collaboration}},
        title = "{Four-of-a-kind? Comprehensive atmospheric characterisation of the HR 8799 planets with VLTI/GRAVITY}",
      journal = {Astronomy \& Astrophysics},
     keywords = {radiative transfer, instrumentation: interferometers, methods: observational, planets and satellites: atmospheres, planets and satellites: composition, Astrophysics - Earth and Planetary Astrophysics},
         year = 2024,
        month = jul,
       volume = {687},
          eid = {A298},
        pages = {A298},
          doi = {10.1051/0004-6361/202449328},
archivePrefix = {arXiv},
       eprint = {2404.03776},
 primaryClass = {astro-ph.EP},
       adsurl = {https://ui.adsabs.harvard.edu/abs/2024A&A...687A.298N},
      adsnote = {Provided by the SAO/NASA Astrophysics Data System}
}

@ARTICLE{deRegt:2024,
       author = {{de Regt}, S. and {Gandhi}, S. and {Snellen}, I.~A.~G. and {Zhang}, Y. and {Ginski}, C. and {Gonz{\'a}lez Picos}, D. and {Kesseli}, A.~Y. and {Landman}, R. and {Molli{\`e}re}, P. and {Nasedkin}, E. and {S{\'a}nchez-L{\'o}pez}, A. and {Stolker}, T.},
        title = "{The ESO SupJup Survey. I. Chemical and isotopic characterisation of the late L-dwarf DENIS J0255-4700 with CRIRES$^{+}$}",
      journal = {Astronomy \& Astrophysics},
     keywords = {techniques: spectroscopic, planets and satellites: atmospheres, brown dwarfs, Astrophysics - Earth and Planetary Astrophysics, Astrophysics - Solar and Stellar Astrophysics},
         year = 2024,
        month = aug,
       volume = {688},
          eid = {A116},
        pages = {A116},
          doi = {10.1051/0004-6361/202348508},
archivePrefix = {arXiv},
       eprint = {2405.10841},
 primaryClass = {astro-ph.EP},
       adsurl = {https://ui.adsabs.harvard.edu/abs/2024A&A...688A.116D},
      adsnote = {Provided by the SAO/NASA Astrophysics Data System}
}

@ARTICLE{Kitzmann:2024,
       author = {{Kitzmann}, Daniel and {Stock}, Joachim W. and {Patzer}, A. Beate C.},
        title = "{FASTCHEM COND: equilibrium chemistry with condensation and rainout for cool planetary and stellar environments}",
      journal = {Monthly Notices of the Royal Astronomical Society},
     keywords = {astrochemistry, methods: numerical, planets and satellites: atmospheres, stars: atmospheres, Astrophysics - Earth and Planetary Astrophysics, Astrophysics - Instrumentation and Methods for Astrophysics, Astrophysics - Solar and Stellar Astrophysics},
         year = 2024,
        month = jan,
       volume = {527},
       number = {3},
        pages = {7263-7283},
          doi = {10.1093/mnras/stad3515},
archivePrefix = {arXiv},
       eprint = {2309.02337},
 primaryClass = {astro-ph.EP},
       adsurl = {https://ui.adsabs.harvard.edu/abs/2024MNRAS.527.7263K},
      adsnote = {Provided by the SAO/NASA Astrophysics Data System}
}

@ARTICLE{Blecic:2016,
       author = {{Blecic}, Jasmina and {Harrington}, Joseph and {Bowman}, M. Oliver},
        title = "{TEA: A Code Calculating Thermochemical Equilibrium Abundances}",
      journal = {Astrophysical Journal, Supplement},
     keywords = {astrochemistry, methods: numerical, molecular processes, planets and satellites: atmospheres, planets and satellites: composition, planets and satellites: gaseous planets, Astrophysics - Instrumentation and Methods for Astrophysics},
         year = 2016,
        month = jul,
       volume = {225},
       number = {1},
          eid = {4},
        pages = {4},
          doi = {10.3847/0067-0049/225/1/4},
archivePrefix = {arXiv},
       eprint = {1505.06392},
 primaryClass = {astro-ph.IM},
       adsurl = {https://ui.adsabs.harvard.edu/abs/2016ApJS..225....4B},
      adsnote = {Provided by the SAO/NASA Astrophysics Data System}
}



